<record><leader>01769cam a2200445 i 4500</leader><controlfield tag="001">6527414</controlfield><controlfield tag="003">LTSCA</controlfield><controlfield tag="005">20140317082738.0</controlfield><controlfield tag="008">130801s2015    cau      b    001 0 eng  </controlfield><datafield ind1=" " ind2=" " tag="010"><subfield code="a">  2013029735</subfield></datafield><datafield ind1=" " ind2=" " tag="020"><subfield code="a">9781483306933 (pbk. : alk. paper)</subfield></datafield><datafield ind1=" " ind2=" " tag="020"><subfield code="a">1483306933 (pbk. : alk. paper)</subfield></datafield><datafield ind1=" " ind2=" " tag="035"><subfield code="a">ocn854980394</subfield></datafield><datafield ind1=" " ind2=" " tag="040"><subfield code="a">DLC</subfield><subfield code="e">rda</subfield><subfield code="b">eng</subfield><subfield code="c">DLC</subfield><subfield code="d">YDX</subfield><subfield code="d">OCLCO</subfield><subfield code="d">YDXCP</subfield><subfield code="d">AEU</subfield></datafield><datafield ind1=" " ind2=" " tag="042"><subfield code="a">pcc</subfield></datafield><datafield ind1=" " ind2=" " tag="049"><subfield code="a">UABA</subfield></datafield><datafield ind1="0" ind2="0" tag="050"><subfield code="a">HF5549.5.D37</subfield><subfield code="b">H86 2015</subfield></datafield><datafield ind1="0" ind2="0" tag="082"><subfield code="a">658.300285</subfield><subfield code="2">23</subfield></datafield><datafield ind1=" " ind2=" " tag="090"><subfield code="a">HF 5549.5 D37 H86 2015</subfield><subfield code="b">AEU</subfield></datafield><datafield ind1=" " ind2=" " tag="090"><subfield code="a">HF5549.5 .D37 H86 2015</subfield><subfield code="b">AEGMCT</subfield></datafield><datafield ind1="0" ind2="0" tag="245"><subfield code="a">Human resource information systems :</subfield><subfield code="b">basics, applications, and future directions /</subfield><subfield code="c">[edited by] Michael J. Kavanagh, Mohan Thite, Richard D. Johnson.</subfield></datafield><datafield ind1=" " ind2=" " tag="250"><subfield code="a">Third edition.</subfield></datafield><datafield ind1=" " ind2="1" tag="264"><subfield code="a">Thousand Oaks, California :</subfield><subfield code="b">SAGE,</subfield><subfield code="c">[2015]</subfield></datafield><datafield ind1=" " ind2=" " tag="300"><subfield code="a">xviii, 640 pages ;</subfield><subfield code="c">24 cm</subfield></datafield><datafield ind1=" " ind2=" " tag="336"><subfield code="a">text</subfield><subfield code="2">rdacontent</subfield></datafield><datafield ind1=" " ind2=" " tag="337"><subfield code="a">unmediated</subfield><subfield code="2">rdamedia</subfield></datafield><datafield ind1=" " ind2=" " tag="338"><subfield code="a">volume</subfield><subfield code="2">rdacarrier</subfield></datafield><datafield ind1=" " ind2=" " tag="504"><subfield code="a">Includes bibliographical references and index.</subfield></datafield><datafield ind1=" " ind2=" " tag="596"><subfield code="a">29 43</subfield></datafield><datafield ind1=" " ind2="0" tag="650"><subfield code="a">Personnel management</subfield><subfield code="x">Information technology.</subfield></datafield><datafield ind1=" " ind2="0" tag="650"><subfield code="a">Personnel management</subfield><subfield code="x">Data processing.</subfield></datafield><datafield ind1="1" ind2=" " tag="700"><subfield code="a">Kavanagh, Michael J..</subfield></datafield><datafield ind1="1" ind2=" " tag="700"><subfield code="a">Thite, Mohan.</subfield></datafield><datafield ind1="1" ind2=" " tag="700"><subfield code="a">Johnson, Richard D..</subfield></datafield><datafield ind1=" " ind2=" " tag="949"><subfield code="a">HF 5549.5 D37 H86 2015</subfield><subfield code="c">1</subfield><subfield code="h">UAHS-B</subfield><subfield code="i">0162033425701</subfield></datafield><datafield ind1=" " ind2=" " tag="994"><subfield code="a">C0</subfield><subfield code="b">UAB</subfield></datafield><datafield ind1=" " ind2=" " tag="019"><subfield code="a">852457707</subfield></datafield><datafield ind1=" " ind2=" " tag="926"><subfield code="a">HF 5549.5 D37 H86 2015</subfield><subfield code="w">LC</subfield><subfield code="c">1</subfield><subfield code="i">0162033425701</subfield><subfield code="d">4/11/2016</subfield><subfield code="e">3/15/2016</subfield><subfield code="l">ON_SHELF</subfield><subfield code="m">UAHSS</subfield><subfield code="n">2</subfield><subfield code="p">$150.00</subfield><subfield code="r">Y</subfield><subfield code="s">Y</subfield><subfield code="t">BOOK</subfield><subfield code="u">4/2/2014</subfield></datafield><datafield ind1=" " ind2=" " tag="926"><subfield code="a">HF 5549.5 D37 H86 2015</subfield><subfield code="w">LC</subfield><subfield code="c">2</subfield><subfield code="i">0162035115458</subfield><subfield code="l">ON_SHELF</subfield><subfield code="m">UAHSS</subfield><subfield code="p">$150.00</subfield><subfield code="r">Y</subfield><subfield code="s">Y</subfield><subfield code="t">BOOK</subfield><subfield code="u">7/15/2014</subfield></datafield><datafield ind1=" " ind2=" " tag="926"><subfield code="a">HF5549.5 .D37 H86 2015</subfield><subfield code="w">LC</subfield><subfield code="c">1</subfield><subfield code="i">1007539545</subfield><subfield code="d">1/13/2016</subfield><subfield code="e">11/17/2015</subfield><subfield code="l">ON_SHELF</subfield><subfield code="m">GR_MACEWAN</subfield><subfield code="n">1</subfield><subfield code="p">$90.25</subfield><subfield code="r">Y</subfield><subfield code="s">Y</subfield><subfield code="t">BOOK</subfield><subfield code="u">6/16/2014</subfield></datafield></record>